<record><leader>00000cas a2200000 a 4500</leader><controlfield tag="001">2266059</controlfield><controlfield tag="008">760620d17941800paudn ne      0    0eng c</controlfield><datafield ind1=" " ind2=" " tag="010"><subfield code="a">sn 84026216 </subfield></datafield><datafield ind1=" " ind2=" " tag="040"><subfield code="a">PIT</subfield><subfield code="b">eng</subfield><subfield code="c">PIT</subfield><subfield code="d">NPU</subfield><subfield code="d">NYG</subfield><subfield code="d">NPH</subfield><subfield code="d">NPA</subfield><subfield code="d">NPH</subfield><subfield code="d">NPX</subfield><subfield code="d">DLC</subfield><subfield code="d">NJW</subfield><subfield code="d">NPA</subfield><subfield code="d">NST</subfield><subfield code="d">YOX</subfield><subfield code="d">KNP</subfield><subfield code="d">MGN</subfield><subfield code="d">NVK</subfield><subfield code="d">DLC</subfield><subfield code="d">FUG</subfield><subfield code="d">NVK</subfield><subfield code="d">NVJ</subfield><subfield code="d">OBN</subfield><subfield code="d">OCL</subfield><subfield code="d">CVF</subfield><subfield code="d">DLC</subfield><subfield code="d">OCLCG</subfield><subfield code="d">KRTAS</subfield><subfield code="d">OCLCQ</subfield><subfield code="d">OCLCF</subfield><subfield code="d">OCLCO</subfield></datafield><datafield ind1=" " ind2=" " tag="019"><subfield code="a">3012607</subfield></datafield><datafield ind1=" " ind2=" " tag="042"><subfield code="a">pcc</subfield></datafield><datafield ind1=" " ind2=" " tag="043"><subfield code="a">n-us-pa</subfield></datafield><datafield ind1="0" ind2="0" tag="050"><subfield code="a">Newspaper</subfield></datafield><datafield ind1="0" ind2=" " tag="130"><subfield code="a">Philadelphia gazette and universal daily advertiser (Philadelphia, Pa. : 1794)</subfield></datafield><datafield ind1="1" ind2="4" tag="245"><subfield code="a">The Philadelphia gazette and universal daily advertiser.</subfield></datafield><datafield ind1="3" ind2=" " tag="246"><subfield code="a">Universal daily advertiser</subfield></datafield><datafield ind1="1" ind2=" " tag="246"><subfield code="i">Issues for Jan. 1, 1795-&lt;1800&gt; published as:</subfield><subfield code="a">Philadelphia gazette &amp; universal daily advertiser</subfield></datafield><datafield ind1=" " ind2=" " tag="260"><subfield code="a">Philadelphia [Pa.] :</subfield><subfield code="b">A. Brown,</subfield><subfield code="c">1794-1800.</subfield></datafield><datafield ind1=" " ind2=" " tag="300"><subfield code="a">v. ;</subfield><subfield code="c">48-55 cm.</subfield></datafield><datafield ind1=" " ind2=" " tag="310"><subfield code="a">Daily (except Sunday)</subfield></datafield><datafield ind1="0" ind2=" " tag="362"><subfield code="a">Vol. 11, no. 16031 [i.e. 1631] (Jan. 1, 1794)-v. 17, no. 3626 (June 17, 1800).</subfield></datafield><datafield ind1=" " ind2=" " tag="530"><subfield code="a">Also issued in microform from Readex Microprint Corp.</subfield></datafield><datafield ind1=" " ind2="0" tag="651"><subfield code="a">Philadelphia (Pa.)</subfield><subfield code="v">Newspapers.</subfield></datafield><datafield ind1=" " ind2="0" tag="651"><subfield code="a">Philadelphia County (Pa.)</subfield><subfield code="v">Newspapers.</subfield></datafield><datafield ind1=" " ind2="7" tag="655"><subfield code="a">Newspapers.</subfield><subfield code="2">fast</subfield><subfield code="0">(OCoLC)fst01423814</subfield></datafield><datafield ind1=" " ind2="7" tag="651"><subfield code="a">Pennsylvania</subfield><subfield code="z">Philadelphia.</subfield><subfield code="2">fast</subfield><subfield code="0">(OCoLC)fst01204170</subfield></datafield><datafield ind1=" " ind2="7" tag="651"><subfield code="a">Pennsylvania</subfield><subfield code="z">Philadelphia County.</subfield><subfield code="2">fast</subfield><subfield code="0">(OCoLC)fst01217128</subfield></datafield><datafield ind1="1" ind2=" " tag="700"><subfield code="a">Brown, Andrew,</subfield><subfield code="d">1774-1847.</subfield></datafield><datafield ind1="1" ind2=" " tag="700"><subfield code="a">Relf, Samuel,</subfield><subfield code="d">1776-1823.</subfield></datafield><datafield ind1=" " ind2=" " tag="752"><subfield code="a">United States</subfield><subfield code="b">Pennsylvania</subfield><subfield code="c">Philadelphia</subfield><subfield code="d">Philadelphia.</subfield></datafield><datafield ind1="0" ind2="0" tag="780"><subfield code="t">Federal gazette and Philadelphia daily advertiser</subfield><subfield code="w">(DLC)sn 83025874</subfield><subfield code="w">(OCoLC)2261039</subfield></datafield><datafield ind1="0" ind2="0" tag="785"><subfield code="t">Philadelphia gazette &amp; daily advertiser (Philadelphia, Pa. : 1800)</subfield><subfield code="w">(DLC)sn 84026307</subfield><subfield code="w">(OCoLC)10388504</subfield></datafield><datafield ind1=" " ind2=" " tag="938"><subfield code="a">Kirtas Technologies, Inc.</subfield><subfield code="b">KRTS</subfield><subfield code="n">735689</subfield></datafield></record>